<?xml version="1.0"?>
<marc:records xmlns:marc="http://www.loc.gov/MARC21/slim" xmlns:xsi="http://www.w3.org/2001/XMLSchema-instance" xsi:schemaLocation="http://www.loc.gov/MARC21/slim http://www.loc.gov/standards/marcxml/schema/MARC21slim.xsd">
  <marc:record>
    <marc:leader>05943nam a2200601Ia 4500</marc:leader>
    <marc:controlfield tag="001">9977621353103681</marc:controlfield>
    <marc:controlfield tag="005">20191212115241.0</marc:controlfield>
    <marc:controlfield tag="008">191212q16001799ua            000 0 ara d</marc:controlfield>
    <marc:datafield ind1=" " ind2=" " tag="035">
  <marc:subfield code="a">(OCoLC)1130589814</marc:subfield>
</marc:datafield>
    <marc:datafield ind1=" " ind2=" " tag="035">
  <marc:subfield code="a">(OCoLC)on1130589814</marc:subfield>
</marc:datafield>
    <marc:datafield ind1=" " ind2=" " tag="040">
  <marc:subfield code="a">PAU</marc:subfield>
  <marc:subfield code="b">eng</marc:subfield>
  <marc:subfield code="c">PAU</marc:subfield>
  <marc:subfield code="e">amremm</marc:subfield>
</marc:datafield>
    <marc:datafield ind1=" " ind2="9" tag="099">
  <marc:subfield code="a">CAJS Rar Ms 283</marc:subfield>
</marc:datafield>
    <marc:datafield ind1="0" ind2="0" tag="245">
  <marc:subfield code="6">880-01</marc:subfield>
  <marc:subfield code="a">Ha&#x304;dha&#x304; majmu&#x304;&#x2BB; fi&#x304; &#x2BB;ilm al-tas&#x323;ri&#x304;f.</marc:subfield>
</marc:datafield>
    <marc:datafield ind1="3" ind2="0" tag="246">
  <marc:subfield code="6">880-02</marc:subfield>
  <marc:subfield code="a">Majmu&#x304;&#x2BB; fi&#x304; &#x2BB;ilm al-tas&#x323;ri&#x304;f</marc:subfield>
</marc:datafield>
    <marc:datafield ind1=" " ind2=" " tag="260">
  <marc:subfield code="c">[between 1600 and 1799?]</marc:subfield>
</marc:datafield>
    <marc:datafield ind1=" " ind2=" " tag="300">
  <marc:subfield code="a">83 leaves :</marc:subfield>
  <marc:subfield code="b">paper ;</marc:subfield>
  <marc:subfield code="c">195 x 127 (145 x 65) mm bound to 194 x 140 mm.</marc:subfield>
</marc:datafield>
    <marc:datafield ind1=" " ind2=" " tag="500">
  <marc:subfield code="a">Collective title from title page (f. 1r); titles of individual works from the introductions to those works.</marc:subfield>
</marc:datafield>
    <marc:datafield ind1=" " ind2=" " tag="500">
  <marc:subfield code="a">Foliation: Modern foliation added in pencil, upper left recto; catchwords every verso, lower left.</marc:subfield>
</marc:datafield>
    <marc:datafield ind1=" " ind2=" " tag="500">
  <marc:subfield code="a">Layout: Chiefly written in 13 long lines; some pages border and frame ruled. Replacement pages written in 12 long lines. Some marginalia.</marc:subfield>
</marc:datafield>
    <marc:datafield ind1=" " ind2=" " tag="500">
  <marc:subfield code="a">Script: Chiefly written in nasta&#x2BB;li&#x304;q in black ink; pointed and partially vocalized. Replacement pages written in naskh in black ink; pointed.</marc:subfield>
</marc:datafield>
    <marc:datafield ind1=" " ind2=" " tag="500">
  <marc:subfield code="a">Decoration: Majority of the pages have the textblock border-ruled in double red with the page-opening frame-ruled also in double red (f. 7-73); rubrications in red; red dots mark poetry.</marc:subfield>
</marc:datafield>
    <marc:datafield ind1=" " ind2=" " tag="500">
  <marc:subfield code="a">Binding: Pages are loose and are held in covers with flap; marbled paper sides (mostly rubbed) and flap; reused paper scrap doublure; red leather spine and fore-edge hinges; labels on cover.</marc:subfield>
</marc:datafield>
    <marc:datafield ind1=" " ind2=" " tag="500">
  <marc:subfield code="a">Origin: The copy was completed in the month of Shawwa&#x304;l, but the year is not legible; probably 17th century or 18th century (f. 44r)</marc:subfield>
</marc:datafield>
    <marc:datafield ind1=" " ind2=" " tag="500">
  <marc:subfield code="a">Watermarked European paper: Mos&#x30C;in and Grozdanovic-Pajie&#x301; Type VIII crown-star-crescent.</marc:subfield>
</marc:datafield>
    <marc:datafield ind1="0" ind2=" " tag="505">
  <marc:subfield code="a">1. f. 1v-44v: Mara&#x304;h&#x323; al-arwa&#x304;h&#x323; / Ah&#x323;mad ibn &#x2BB;Ali&#x304; Ibn Mas&#x2BB;u&#x304;d -- 2. f. 44v-55v: [Maba&#x304;di&#x2BC; fi&#x304; al-tas&#x323;ri&#x304;f] -- 3. f. 56v-73v: Maqs&#x323;u&#x304;d fi&#x304; al-tas&#x323;ri&#x304;f -- 4. f. 74v-82v: &#x2BB;Awa&#x304;mil fi&#x304; al-nah&#x323;w / &#x2BB;Abd al-Qa&#x304;hir ibn &#x2BB;Abd al-Rah&#x323;ma&#x304;n al-Jurja&#x304;ni&#x304;</marc:subfield>
</marc:datafield>
    <marc:datafield ind1=" " ind2=" " tag="520">
  <marc:subfield code="a">Collection of works on Arabic grammar; copied in at least two hands.</marc:subfield>
</marc:datafield>
    <marc:datafield ind1=" " ind2=" " tag="524">
  <marc:subfield code="a">CAJS Rar Ms 283</marc:subfield>
</marc:datafield>
    <marc:datafield ind1="1" ind2=" " tag="541">
  <marc:subfield code="a">Gift of Solomon L. Skoss to the library of the Dropsie College for Hebrew and Cognate Learning (note on library bookplate, inside front cover).</marc:subfield>
</marc:datafield>
    <marc:datafield ind1=" " ind2=" " tag="546">
  <marc:subfield code="a">Arabic.</marc:subfield>
</marc:datafield>
    <marc:datafield ind1="1" ind2=" " tag="561">
  <marc:subfield code="a">Formerly owned by the Dropsie College for Hebrew and Cognate Learning (library bookplate inside front cover).</marc:subfield>
</marc:datafield>
    <marc:datafield ind1=" " ind2="0" tag="650">
  <marc:subfield code="a">Arabic language</marc:subfield>
  <marc:subfield code="x">Grammar</marc:subfield>
  <marc:subfield code="v">Early works to 1800.</marc:subfield>
</marc:datafield>
    <marc:datafield ind1=" " ind2="0" tag="655">
  <marc:subfield code="a">Manuscripts, Arabic.</marc:subfield>
</marc:datafield>
    <marc:datafield ind1=" " ind2="0" tag="655">
  <marc:subfield code="a">Manuscripts, 17th century.</marc:subfield>
</marc:datafield>
    <marc:datafield ind1=" " ind2="0" tag="655">
  <marc:subfield code="a">Manuscripts, 18th century.</marc:subfield>
</marc:datafield>
    <marc:datafield ind1=" " ind2="7" tag="655">
  <marc:subfield code="a">Codices (bound manuscripts)</marc:subfield>
  <marc:subfield code="2">aat</marc:subfield>
</marc:datafield>
    <marc:datafield ind1=" " ind2="7" tag="655">
  <marc:subfield code="a">Envelope flaps (features)</marc:subfield>
  <marc:subfield code="2">lobt</marc:subfield>
</marc:datafield>
    <marc:datafield ind1="1" ind2="2" tag="700">
  <marc:subfield code="6">880-03</marc:subfield>
  <marc:subfield code="a">Ibn Mas&#x2BB;u&#x304;d, Ah&#x323;mad ibn &#x2BB;Ali&#x304;,</marc:subfield>
  <marc:subfield code="d">active 13th century.</marc:subfield>
  <marc:subfield code="t">Mara&#x304;h&#x323; al-arwa&#x304;h&#x323;.</marc:subfield>
</marc:datafield>
    <marc:datafield ind1="1" ind2="2" tag="700">
  <marc:subfield code="6">880-04</marc:subfield>
  <marc:subfield code="a">Zanja&#x304;ni&#x304;, &#x2BB;Abd al-Wahha&#x304;b ibn Ibra&#x304;hi&#x304;m,</marc:subfield>
  <marc:subfield code="d">active 1257.</marc:subfield>
  <marc:subfield code="t">Maba&#x304;di&#x2BC; fi&#x304; al-tas&#x323;ri&#x304;f.</marc:subfield>
</marc:datafield>
    <marc:datafield ind1="0" ind2="2" tag="700">
  <marc:subfield code="6">880-05</marc:subfield>
  <marc:subfield code="a">Abu&#x304; H&#x323;ani&#x304;fah,</marc:subfield>
  <marc:subfield code="d">-767 or 768,</marc:subfield>
  <marc:subfield code="e">attributed name.</marc:subfield>
  <marc:subfield code="t">Maqs&#x323;u&#x304;d fi&#x304; al-tas&#x323;ri&#x304;f.</marc:subfield>
</marc:datafield>
    <marc:datafield ind1="1" ind2="2" tag="700">
  <marc:subfield code="6">880-06</marc:subfield>
  <marc:subfield code="a">Jurja&#x304;ni&#x304;, &#x2BB;Abd al-Qa&#x304;hir ibn &#x2BB;Abd al-Rah&#x323;ma&#x304;n,</marc:subfield>
  <marc:subfield code="d">-1078?</marc:subfield>
  <marc:subfield code="t">&#x2BB;Awa&#x304;mil al-mi&#x2BC;ah.</marc:subfield>
  <marc:subfield code="k">Selections.</marc:subfield>
</marc:datafield>
    <marc:datafield ind1="1" ind2=" " tag="700">
  <marc:subfield code="a">Skoss, Solomon Leon,</marc:subfield>
  <marc:subfield code="d">1884-1953,</marc:subfield>
  <marc:subfield code="e">former owner.</marc:subfield>
</marc:datafield>
    <marc:datafield ind1="2" ind2=" " tag="710">
  <marc:subfield code="a">Dropsie College for Hebrew and Cognate Learning,</marc:subfield>
  <marc:subfield code="e">former owner.</marc:subfield>
</marc:datafield>
    <marc:datafield ind1=" " ind2=" " tag="852">
  <marc:subfield code="b">Library at the Herbert D. Katz Center for Advanced Judaic Studies</marc:subfield>
  <marc:subfield code="a">University of Pennsylvania</marc:subfield>
  <marc:subfield code="e">420 Walnut Street, Philadelphia, Pennsylvania 19106-3703</marc:subfield>
  <marc:subfield code="j">CAJS Rar Ms 283</marc:subfield>
</marc:datafield>
    <marc:datafield ind1="4" ind2="1" tag="856">
  <marc:subfield code="z">Digital facsimile in OPenn</marc:subfield>
  <marc:subfield code="u">http://openn.library.upenn.edu/Data/0002/html/cajs_rarms283.html</marc:subfield>
</marc:datafield>
    <marc:datafield ind1="0" ind2="0" tag="880">
  <marc:subfield code="6">245-01//r</marc:subfield>
  <marc:subfield code="a">&#x647;&#x630;&#x627; &#x645;&#x62C;&#x645;&#x648;&#x639; &#x641;&#x64A; &#x639;&#x644;&#x645; &#x627;&#x644;&#x62A;&#x635;&#x631;&#x64A;&#x641;.</marc:subfield>
</marc:datafield>
    <marc:datafield ind1="3" ind2="0" tag="880">
  <marc:subfield code="6">246-02//r</marc:subfield>
  <marc:subfield code="a">&#x645;&#x62C;&#x645;&#x648;&#x639; &#x641;&#x64A; &#x639;&#x644;&#x645; &#x627;&#x644;&#x62A;&#x635;&#x631;&#x64A;&#x641;</marc:subfield>
</marc:datafield>
    <marc:datafield ind1="1" ind2="2" tag="880">
  <marc:subfield code="6">700-03//r</marc:subfield>
  <marc:subfield code="a">&#x627;&#x628;&#x646; &#x645;&#x633;&#x639;&#x648;&#x62F;&#x60C; &#x627;&#x62D;&#x645;&#x62F; &#x628;&#x646; &#x639;&#x644;&#x64A;&#x60C;</marc:subfield>
  <marc:subfield code="d">active 13th century.</marc:subfield>
  <marc:subfield code="t">&#x645;&#x631;&#x627;&#x62D; &#x627;&#x644;&#x627;&#x631;&#x648;&#x627;&#x62D;.</marc:subfield>
</marc:datafield>
    <marc:datafield ind1="1" ind2="2" tag="880">
  <marc:subfield code="6">700-04//r</marc:subfield>
  <marc:subfield code="a">&#x632;&#x646;&#x62C;&#x627;&#x646;&#x64A;&#x60C; &#x639;&#x628;&#x62F; &#x627;&#x644;&#x648;&#x647;&#x627;&#x628; &#x628;&#x646; &#x627;&#x628;&#x631;&#x627;&#x647;&#x64A;&#x645;&#x60C;</marc:subfield>
  <marc:subfield code="d">active 1257.</marc:subfield>
  <marc:subfield code="t">&#x645;&#x628;&#x627;&#x62F;&#x626; &#x641;&#x64A; &#x627;&#x644;&#x62A;&#x635;&#x631;&#x64A;&#x641;.</marc:subfield>
</marc:datafield>
    <marc:datafield ind1="0" ind2="2" tag="880">
  <marc:subfield code="6">700-05//r</marc:subfield>
  <marc:subfield code="a">&#x627;&#x628;&#x648; &#x62D;&#x646;&#x64A;&#x641;&#x629;&#x60C;</marc:subfield>
  <marc:subfield code="d">-767 &#x623;&#x648; 768&#x60C;</marc:subfield>
  <marc:subfield code="e">attributed name,</marc:subfield>
  <marc:subfield code="t">&#x645;&#x642;&#x635;&#x648;&#x62F; &#x641;&#x64A; &#x627;&#x644;&#x62A;&#x635;&#x631;&#x64A;&#x641;.</marc:subfield>
</marc:datafield>
    <marc:datafield ind1="1" ind2="2" tag="880">
  <marc:subfield code="6">700-06//r</marc:subfield>
  <marc:subfield code="a">&#x62C;&#x631;&#x62C;&#x627;&#x646;&#x64A;&#x60C; &#x639;&#x628;&#x62F; &#x627;&#x644;&#x642;&#x627;&#x647;&#x631; &#x628;&#x646; &#x639;&#x628;&#x62F; &#x627;&#x644;&#x631;&#x62D;&#x645;&#x646;&#x60C;</marc:subfield>
  <marc:subfield code="d">-1078&#x61F;</marc:subfield>
  <marc:subfield code="t">&#x639;&#x648;&#x627;&#x645;&#x644; &#x627;&#x644;&#x645;&#x627;&#x626;&#x629;.</marc:subfield>
  <marc:subfield code="k">Selections.</marc:subfield>
</marc:datafield>
    <marc:datafield ind1=" " ind2=" " tag="948">
  <marc:subfield code="h">HELD BY PAU - 0 OTHER HOLDINGS</marc:subfield>
</marc:datafield>
    <marc:datafield ind1=" " ind2=" " tag="994">
  <marc:subfield code="a">Z0</marc:subfield>
  <marc:subfield code="b">PAU</marc:subfield>
</marc:datafield>
    <marc:datafield ind1=" " ind2=" " tag="996">
  <marc:subfield code="a">hinge-right</marc:subfield>
</marc:datafield>
    <marc:holdings>
      <marc:holding>
        <marc:holding_id>22604669810003681</marc:holding_id>
        <marc:call_number>CAJS Rar Ms 283</marc:call_number>
        <marc:library>KatzLib</marc:library>
        <marc:location>cjsrarms</marc:location>
      </marc:holding>
    </marc:holdings>
  </marc:record>
</marc:records>
